@book{lamport1994,
  author    = {Leslie Lamport},
  title     = {LaTeX: A Document Preparation System},
  year      = {1994},
  publisher = {Addison-Wesley}
}
